% !TeX encoding = UTF-8
% !TeX spellcheck = en_GB
% !TeX root = ../Thesis_AndreGuerra.tex
%%%%%%%%%%%%%%%%%%%%%%% Appendix_BIB.bib %%%%%%%%%%%%%%%%%%%%%%%%%%
%
% PhD Thesis - Bibliography for the appendix
% Andr√© Guerra
%
% 16/Dec/2017
%
%%%%%%%%%%%%%%%%%%%%%%%%%%%%%%%%%%%%%%%%%%%%%%%%%%%%%%%%%%%%%%%%%%%

% ---------------------------------------------
% ---------------------------------------------
% SAR Principles




% ---------------------------------------------
% ---------------------------------------------
% Thermal Attitude Effects




% end of file Appendix_BIB.bib
%%%%%%%%%%%%%%%%%%%%%%%%%%%%%%%%%%%%%%%%%%%%%%%%%%%%%%%%%%%%%%%%%%%