% !TeX encoding = UTF-8
% !TeX spellcheck = en_GB
% !TeX root = ../Thesis_AndreGuerra.tex
%%%%%%%%%%%%%%%%%%%%%%% Introduction_BIB.bib %%%%%%%%%%%%%%%%%%%%%%
%
% PhD Thesis - Bibliography for the introduction chapter
% Andr√© Guerra
%
% 13/Dec/2017
%
%%%%%%%%%%%%%%%%%%%%%%%%%%%%%%%%%%%%%%%%%%%%%%%%%%%%%%%%%%%%%%%%%%%

% ---------------------------------------------
% ---------------------------------------------
% Coordinated Observation



% ---------------------------------------------
% ---------------------------------------------
% Portuguese Case



% ---------------------------------------------
% ---------------------------------------------
% Remote sensing

@article{Guerra2016,
    author = {Guerra, Andr{\'{e}} G.C. and Francisco, Frederico and Villate, Jaime and {Aguado Agelet}, Fernando and Bertolami, Orfeu and Rajan, Kanna},
    doi = {10.1016/j.actaastro.2016.06.007},
    issn = {00945765},
    journal = {Acta Astronautica},
    month = {oct},
    pages = {404--423},
    title = {{On small satellites for oceanography: A survey}},
    volume = {127},
    year = {2016}
}


% end of file Introduction_BIB.bib
%%%%%%%%%%%%%%%%%%%%%%%%%%%%%%%%%%%%%%%%%%%%%%%%%%%%%%%%%%%%%%%%%%%