% !TeX encoding = UTF-8
% !TeX spellcheck = en_GB
% !TeX root = ../Thesis_AndreGuerra.tex
%%%%%%%%%%%%%%%%%%%%%%% NetworkOp_BIB.bib %%%%%%%%%%%%%%%%%%%%%%%%%
%
% PhD Thesis - Bibliography for the network operation section
% Andr√© Guerra
%
% 18/Dec/2017
%
%%%%%%%%%%%%%%%%%%%%%%%%%%%%%%%%%%%%%%%%%%%%%%%%%%%%%%%%%%%%%%%%%%%

% ---------------------------------------------
% ---------------------------------------------
% LSTS System



% ---------------------------------------------
% ---------------------------------------------
% Commercial Communication



% ---------------------------------------------
% ---------------------------------------------
% HumSat System




% ---------------------------------------------
% ---------------------------------------------
% Operation Scenarios




% ---------------------------------------------
% ---------------------------------------------
% Integration and Tests




% end of file NetworkOp_BIB.bib
%%%%%%%%%%%%%%%%%%%%%%%%%%%%%%%%%%%%%%%%%%%%%%%%%%%%%%%%%%%%%%%%%%%