% !TeX encoding = UTF-8
% !TeX spellcheck = en_GB
% !TeX root = ../Thesis_AndreGuerra.tex
%%%%%%%%%%%%%%%%%%%%%%% Ocean_BIB.bib %%%%%%%%%%%%%%%%%%%%%%%%%%%%%
%
% PhD Thesis - Bibliography for the oceanography chapter
% Andr√© Guerra
%
% 13/Dec/2017
%
%%%%%%%%%%%%%%%%%%%%%%%%%%%%%%%%%%%%%%%%%%%%%%%%%%%%%%%%%%%%%%%%%%%

% ---------------------------------------------
% ---------------------------------------------
% Introduction



% ---------------------------------------------
% ---------------------------------------------
% Remote sensing




% ---------------------------------------------
% ---------------------------------------------
% Survey

% ---------------------------------------------
% Ocean Imaging



% ---------------------------------------------
% Data Relay SmallSats



% ---------------------------------------------
% Tracking and AIS



% ---------------------------------------------
% Constellations




% ---------------------------------------------
% ---------------------------------------------
% Survey




% ---------------------------------------------
% ---------------------------------------------
% Images




% end of file Ocean_BIB.bib
%%%%%%%%%%%%%%%%%%%%%%%%%%%%%%%%%%%%%%%%%%%%%%%%%%%%%%%%%%%%%%%%%%%