% !TeX encoding = UTF-8
% !TeX spellcheck = en_GB
% !TeX root = ../Thesis_AndreGuerra.tex
%%%%%%%%%%%%%%%%%%%%%%% SmallSat_BIB.bib %%%%%%%%%%%%%%%%%%%%%%%%%
%
% PhD Thesis - Bibliography for the small satellite chapter
% Andr√© Guerra
%
% 13/Dec/2017
%
%%%%%%%%%%%%%%%%%%%%%%%%%%%%%%%%%%%%%%%%%%%%%%%%%%%%%%%%%%%%%%%%%%%

% ---------------------------------------------
% ---------------------------------------------
% History and Classification




% ---------------------------------------------
% ---------------------------------------------
% Features and Components




% ---------------------------------------------
% ---------------------------------------------
% Advantages and Disadvantages



% end of file SmallSat_BIB.bib
%%%%%%%%%%%%%%%%%%%%%%%%%%%%%%%%%%%%%%%%%%%%%%%%%%%%%%%%%%%%%%%%%%%