% !TeX encoding = UTF-8
% !TeX spellcheck = en_GB
% !TeX root = ../Thesis_AndreGuerra.tex
%%%%%%%%%%%%%%%%%%%%%%% Thermal_BIB.bib %%%%%%%%%%%%%%%%%%%%%%%%%
%
% PhD Thesis - Bibliography for the thermal analysis
% Andr√© Guerra
%
% 18/Dec/2017
%
%%%%%%%%%%%%%%%%%%%%%%%%%%%%%%%%%%%%%%%%%%%%%%%%%%%%%%%%%%%%%%%%%%%



% ---------------------------------------------
% ---------------------------------------------
% Pratical Case




% ---------------------------------------------
% ---------------------------------------------
% New Horizons





% end of file Thermal_BIB.bib
%%%%%%%%%%%%%%%%%%%%%%%%%%%%%%%%%%%%%%%%%%%%%%%%%%%%%%%%%%%%%%%%%%%